@Book{Livro,
	author = {author},
	editor = {editor},
	title = {title},
    subtitle={subtitle},
	publisher = {publisher},
	year = {year},
    isbn={85-7164-411-X},
	volume = {volume},
	number = {number},
	series = {series},
	address = {address},
	edition = {edition},
	month = {month},
	note = {note},
	annote = {annote},
}
@Article{Artigo,
	author = {author},
	title = {title},
	journal = {journal},
	year = {year},
	key = {key},
	volume = {volume},
	number = {number},
	pages = {pages},
	month = {month},
	note = {note},
	annote = {annote},
}

@InBook{ID,
	author = {author},
	editor = {editor},
	title = {title},
	chapter = {chapter},
	publisher = {publisher},
	year = {year},
	key = {key},
	volume = {volume},
	number = {number},
	series = {series},
	type = {type},
	address = {address},
	edition = {edition},
	month = {month},
	pages = {pages},
	note = {note},
}

@PhdThesis{ID,
	author = {author},
	title = {title},
    subtitle={subtitle},
	school = {school},
	year = {year},
	key = {key},
	type = {type},
	address = {address},
	month = {month},
	note = {note},
	annote = {annote},
}
@masterthesis{ID,
	author = {author},
	title = {title},
    subtitle={subtitle},
	school = {school},
	year = {year},
	key = {key},
	type = {type},
	address = {address},
	month = {month},
	note = {note},
	annote = {annote},
}
@Misc{Misc,
	key = {key},
	author = {author},
	title = {title},
	howpublished = {howpublished},
	month = {month},
	year = {year},
	note = {note},
	url= {url}
}

@Manual{Manual,
	title = {title},
	key = {key},
	author = {author},
	organization = {organization},
    org-short={IDF},
	address = {address},
	edition = {edition},
	month = {month},
	year = {year},
	note = {note},
	url= {url}
}


